@inproceedings{saade_opu,
  title={Random projections through multiple optical scattering: Approximating kernels at the speed of light},
  author={Saade, Alaa and Caltagirone, Francesco and Carron, Igor and Daudet, Laurent and Dr{\'e}meau, Ang{\'e}lique and Gigan, Sylvain and Krzakala, Florent},
  booktitle={2016 IEEE International Conference on Acoustics, Speech and Signal Processing (ICASSP)},
  pages={6215--6219},
  year={2016},
  organization={IEEE}
}
