@article{ghanem2020fast,
	title={Fast Graph Kernel with Optical Random Features},
	author={Ghanem, Hashem and Keriven, Nicolas and Tremblay, Nicolas},
	journal={ICASSP},
	year={2021}
}
@inproceedings{saade2016random,
	title={Random projections through multiple optical scattering: Approximating kernels at the speed of light},
	author={Saade, Alaa and Caltagirone, Francesco and Carron, Igor and Daudet, Laurent and Dr{\'e}meau, Ang{\'e}lique and Gigan, Sylvain and Krzakala, Florent},
	booktitle={2016 IEEE International Conference on Acoustics, Speech and Signal Processing (ICASSP)},
	pages={6215--6219},
	year={2016},
	organization={IEEE}
}

@inproceedings{graphlet_kernel,
	title={Efficient graphlet kernels for large graph comparison},
	author={Shervashidze, Nino and Vishwanathan, SVN and Petri, Tobias and Mehlhorn, Kurt and Borgwardt, Karsten},
	booktitle={Artificial Intelligence and Statistics},
	pages={488--495},
	year={2009}
}

@book{isomorphism,
	title={The graph isomorphism problem: its structural complexity},
	author={Kobler, Johannes and Sch{\"o}ning, Uwe and Tor{\'a}n, Jacobo},
	year={2012},
	publisher={Springer Science \& Business Media}
}

@inproceedings{RF_1,
	title={Learning kernels with random features},
	author={Sinha, Aman and Duchi, John C},
	booktitle={Advances in Neural Information Processing Systems},
	pages={1298--1306},
	year={2016}
}

@inproceedings{
	GCN_powerful,
	title={How Powerful are Graph Neural Networks?},
	author={Keyulu Xu and Weihua Hu and Jure Leskovec and Stefanie Jegelka},
	booktitle={International Conference on Learning Representations},
	year={2019},
	url={https://openreview.net/forum?id=ryGs6iA5Km},
}


@inproceedings{rahimi2008random,
	title={Random features for large-scale kernel machines},
	author={Rahimi, Ali and Recht, Benjamin},
	booktitle={Advances in neural information processing systems},
	pages={1177--1184},
	year={2008}
}
