@article{altschul1997gapped,
  title={Gapped BLAST and PSI-BLAST: a new generation of protein database search programs},
  author={Altschul, Stephen F and Madden, Thomas L and Sch{\"a}ffer, Alejandro A and Zhang, Jinghui and Zhang, Zheng and Miller, Webb and Lipman, David J},
  journal={Nucleic acids research},
  volume={25},
  number={17},
  pages={3389--3402},
  year={1997},
  publisher={Oxford Univ Press}
}

@inproceedings{perceptron_tut,
  title={Links between perceptrons, MLPs and SVMs},
  author={Collobert, Ronan and Bengio, Samy},
  booktitle={Proceedings of the twenty-first international conference on Machine learning},
  pages={23},
  year={2004}
}

@article{svm_tut,
  title={Tutorial on support vector machine (svm)},
  author={Jakkula, Vikramaditya},
  journal={School of EECS, Washington State University},
  volume={37},
  year={2006}
}

@article{DD_ref,
  title={Distinguishing enzyme structures from non-enzymes without alignments},
  author={Dobson, Paul D and Doig, Andrew J},
  journal={Journal of molecular biology},
  volume={330},
  number={4},
  pages={771--783},
  year={2003},
  publisher={Elsevier}
}

@article{GCN_powerful,
  title={How powerful are graph neural networks?},
  author={Xu, Keyulu and Hu, Weihua and Leskovec, Jure and Jegelka, Stefanie},
  journal={arXiv preprint arXiv:1810.00826},
  year={2018}
}

@article{concentration_kashin,
  title={A simple proof of the restricted isometry property for random matrices},
  author={Baraniuk, Richard and Davenport, Mark and DeVore, Ronald and Wakin, Michael},
  journal={Constructive Approximation},
  volume={28},
  number={3},
  pages={253--263},
  year={2008},
  publisher={Springer}
}
@article{SBM,
  title={Stochastic block models: A comparison of variants and inference methods},
  author={Funke, Thorben and Becker, Till},
  journal={PloS one},
  volume={14},
  number={4},
  year={2019},
  publisher={Public Library of Science}
}

@inproceedings{concentration_achlioptas,
  title={Database-friendly random projections},
  author={Dimitris, Achlioptas},
  booktitle={Proceedings of the twentieth ACM SIGMOD-SIGACTSIGART symposium on Principles of database systems, PODS'01 New York, NY, USA},
  pages={274--281},
  year={2001},
  organization={ACM}
}
@article{isomorphism_np,
  title={Some NP-complete problems similar to graph isomorphism},
  author={Lubiw, Anna},
  journal={SIAM Journal on Computing},
  volume={10},
  number={1},
  pages={11--21},
  year={1981},
  publisher={SIAM}
}




@inproceedings{saade_opu,
  title={Random projections through multiple optical scattering: Approximating kernels at the speed of light},
  author={Saade, Alaa and Caltagirone, Francesco and Carron, Igor and Daudet, Laurent and Dr{\'e}meau, Ang{\'e}lique and Gigan, Sylvain and Krzakala, Florent},
  booktitle={2016 IEEE International Conference on Acoustics, Speech and Signal Processing (ICASSP)},
  pages={6215--6219},
  year={2016},
  organization={IEEE}
}
@article{kriege_graph_kernels,
  title={A survey on graph kernels},
  author={Kriege, Nils M and Johansson, Fredrik D and Morris, Christopher},
  journal={Applied Network Science},
  volume={5},
  number={1},
  pages={1--42},
  year={2020},
  publisher={Springer}
}

@article{Graph_application,
  title={Various graphs and their applications in real world},
  author={Patel, Pranav and Patel, Chirag},
  journal={International Journal of Engineering Research and Technology},
  volume={2},
  number={12},
  pages={1499--1504},
  year={2013}
}

@article{inner_product,
  title={L2 Kernel Classification},
  author={Kim, JooSeuk and Scott, Clayton},
  journal={IEEE Transactions on Pattern Analysis and Machine Intelligence},
  volume={32},
  number={10},
  pages={1822--1831},
  year={2009},
  publisher={IEEE}
}
@inproceedings{graph_sampling,
  title={Sampling from large graphs},
  author={Leskovec, Jure and Faloutsos, Christos},
  booktitle={Proceedings of the 12th ACM SIGKDD international conference on Knowledge discovery and data mining},
  pages={631--636},
  year={2006}
}


@article{perceptron,
  title={The Perceptron algorithm versus Winnow: linear versus logarithmic mistake bounds when few input variables are relevant},
  author={Kivinen, Jyrki and Warmuth, Manfred K and Auer, Peter},
  journal={Artificial Intelligence},
  volume={97},
  number={1-2},
  pages={325--343},
  year={1997},
  publisher={Elsevier}
}

@article{marketing_analytics,
  title={Network-based marketing: Identifying likely adopters via consumer networks},
  author={Hill, Shawndra and Provost, Foster and Volinsky, Chris and others},
  journal={Statistical Science},
  volume={21},
  number={2},
  pages={256--276},
  year={2006},
  publisher={Institute of Mathematical Statistics}
}


@inproceedings{banking_security,
  title={A graph-based, semi-supervised, credit card fraud detection system},
  author={Lebichot, Bertrand and Braun, Fabian and Caelen, Olivier and Saerens, Marco},
  booktitle={International Workshop on Complex Networks and their Applications},
  pages={721--733},
  year={2016},
  organization={Springer}
}


@inproceedings{protein_application,
  title={Matching node embeddings for graph similarity},
  author={Nikolentzos, Giannis and Meladianos, Polykarpos and Vazirgiannis, Michalis},
  booktitle={Thirty-First AAAI Conference on Artificial Intelligence},
  year={2017}
}

@inproceedings{graphlet_kernel,
  title={Efficient graphlet kernels for large graph comparison},
  author={Shervashidze, Nino and Vishwanathan, SVN and Petri, Tobias and Mehlhorn, Kurt and Borgwardt, Karsten},
  booktitle={Artificial Intelligence and Statistics},
  pages={488--495},
  year={2009}
}

@inproceedings{rahimi2008random,
  title={Random features for large-scale kernel machines},
  author={Rahimi, Ali and Recht, Benjamin},
  booktitle={Advances in neural information processing systems},
  pages={1177--1184},
  year={2008}
}

@article{baker2007novel,
  title={A novel linear plasmid mediates flagellar variation in Salmonella Typhi},
  author={Baker, Stephen and Hardy, Jonathan and Sanderson, Kenneth E and Quail, Michael and Goodhead, Ian and Kingsley, Robert A and Parkhill, Julian and Stocker, Bruce and Dougan, Gordon},
  journal={PLoS Pathog},
  volume={3},
  number={5},
  pages={e59},
  year={2007},
  publisher={Public Library of Science}
}
@online{wetterstrand2016,
  title={DNA Sequencing Costs: Data from the \uppercase{NHGRI} Genome Sequencing Program (\uppercase{GSP})},
  author={Wetterstrand, K A},
  year={2016},
  url={www.genome.gov/sequencingcosts}
}