@InProceedings{C2,
  author = 	 "Jones, C.D. and Smith, A.B. and Roberts, E.F.",
  title =        "Article Title",
  booktitle =        "Proceedings Title",
  organization = "IEEE",
  year = 	 "2003",
  volume = 	 "II",
  pages = 	 "803-806"
}
@inproceedings{graph_soc_net,
  title={Deep graph kernels},
  author={Yanardag, Pinar and Vishwanathan, SVN},
  booktitle={Proceedings of the 21th ACM SIGKDD International Conference on Knowledge Discovery and Data Mining},
  pages={1365--1374},
  year={2015}
}
@article{node_features,
  title={On Node Features for Graph Neural Networks},
  author={Duong, Chi Thang and Hoang, Thanh Dat and Dang, Ha The Hien and Nguyen, Quoc Viet Hung and Aberer, Karl},
  journal={arXiv preprint arXiv:1911.08795},
  year={2019}
}
@inproceedings{RF_1,
  title={Learning kernels with random features},
  author={Sinha, Aman and Duchi, John C},
  booktitle={Advances in Neural Information Processing Systems},
  pages={1298--1306},
  year={2016}
}
@article{class_Reddit,
  title={TUDataset: A collection of benchmark datasets for learning with graphs},
  author={Morris, Christopher and Kriege, Nils M and Bause, Franka and Kersting, Kristian and Mutzel, Petra and Neumann, Marion},
  journal={arXiv preprint arXiv:2007.08663},
  year={2020}
}
@inproceedings{protein_application,
  title={Matching node embeddings for graph similarity},
  author={Nikolentzos, Giannis and Meladianos, Polykarpos and Vazirgiannis, Michalis},
  booktitle={Thirty-First AAAI Conference on Artificial Intelligence},
  year={2017}
}
@book{isomorphism,
  title={The graph isomorphism problem: its structural complexity},
  author={Kobler, Johannes and Sch{\"o}ning, Uwe and Tor{\'a}n, Jacobo},
  year={2012},
  publisher={Springer Science \& Business Media}
}

@inproceedings{leskovec2006sampling,
  title={Sampling from large graphs},
  author={Leskovec, Jure and Faloutsos, Christos},
  booktitle={Proceedings of the 12th ACM SIGKDD international conference on Knowledge discovery and data mining},
  pages={631--636},
  year={2006}
}


@article{svm_tut,
  title={Tutorial on support vector machine (svm)},
  author={Jakkula, Vikramaditya},
  journal={School of EECS, Washington State University},
  volume={37},
  year={2006}
}


@article{kriege_graph_kernels,
  title={A survey on graph kernels},
  author={Kriege, Nils M and Johansson, Fredrik D and Morris, Christopher},
  journal={Applied Network Science},
  volume={5},
  number={1},
  pages={1--42},
  year={2020},
  publisher={Springer}
}

@article{GCN_powerful,
  title={How powerful are graph neural networks?},
  author={Xu, Keyulu and Hu, Weihua and Leskovec, Jure and Jegelka, Stefanie},
  journal={arXiv preprint arXiv:1810.00826},
  year={2018}
}


@article{frequent_subgraphs,
  title={gSpan: Graph-based substructure pattern mining, 2002},
  author={Yan, X and Han, J},
  journal={Published by the IEEE Computer Society},
  year={2003}
}

@inproceedings{graphlet_kernel,
  title={Efficient graphlet kernels for large graph comparison},
  author={Shervashidze, Nino and Vishwanathan, SVN and Petri, Tobias and Mehlhorn, Kurt and Borgwardt, Karsten},
  booktitle={Artificial Intelligence and Statistics},
  pages={488--495},
  year={2009}
}

@article{isomorphism_np,
  title={Some NP-complete problems similar to graph isomorphism},
  author={Lubiw, Anna},
  journal={SIAM Journal on Computing},
  volume={10},
  number={1},
  pages={11--21},
  year={1981},
  publisher={SIAM}
}
@inproceedings{rahimi2008random,
  title={Random features for large-scale kernel machines},
  author={Rahimi, Ali and Recht, Benjamin},
  booktitle={Advances in neural information processing systems},
  pages={1177--1184},
  year={2008}
}
@article{SBM,
  title={Stochastic block models: A comparison of variants and inference methods},
  author={Funke, Thorben and Becker, Till},
  journal={PloS one},
  volume={14},
  number={4},
  year={2019},
  publisher={Public Library of Science}
}
@article{DD_ref,
  title={Distinguishing enzyme structures from non-enzymes without alignments},
  author={Dobson, Paul D and Doig, Andrew J},
  journal={Journal of molecular biology},
  volume={330},
  number={4},
  pages={771--783},
  year={2003},
  publisher={Elsevier}
}
